@article{ESE2009:Runeson,
  year={2009},
  issn={1382-3256},
  journal={Empirical Software Engineering},
  volume={14},
  number={2},
  doi={10.1007/s10664-008-9102-8},
  title={Guidelines for conducting and reporting case study research in software engineering},
  url={http://dx.doi.org/10.1007/s10664-008-9102-8},
  publisher={Springer US},
  keywords={Case study; Research methodology; Checklists; Guidelines},
  author={Runeson, Per and HÃ¶st, Martin},
  pages={131-164},
  language={English}
}
@techreport{JOSER:Brugali,
  year={2009},
  title={{Preparation of Papers for the Journal of Software Engineering for Robotics}},
  author={Brugali, Davide},
  url={http://joser.unibg.it/public/journals/1/joserTex.zip}
}
